<record><leader>00000cas a22000007a 4500</leader><controlfield tag="001">11514787</controlfield><controlfield tag="008">841220d18891925mtuwr ne      0    0eng d</controlfield><datafield ind1=" " ind2=" " tag="010"><subfield code="a">sn 84036253 </subfield></datafield><datafield ind1=" " ind2=" " tag="040"><subfield code="a">MTL</subfield><subfield code="b">eng</subfield><subfield code="c">MTL</subfield><subfield code="d">OCLCQ</subfield></datafield><datafield ind1=" " ind2=" " tag="042"><subfield code="a">msc</subfield></datafield><datafield ind1="0" ind2=" " tag="130"><subfield code="a">Silver state (Deer Lodge, Mont.)</subfield></datafield><datafield ind1="1" ind2="4" tag="245"><subfield code="a">The Silver state.</subfield></datafield><datafield ind1=" " ind2=" " tag="260"><subfield code="a">Deer Lodge, Mont. :</subfield><subfield code="b">Silver State Pub. Co.,</subfield><subfield code="c">-1925.</subfield></datafield><datafield ind1=" " ind2=" " tag="300"><subfield code="a">36 v. :</subfield><subfield code="b">ill. ;</subfield><subfield code="c">56-60 cm.</subfield></datafield><datafield ind1=" " ind2=" " tag="310"><subfield code="a">Weekly</subfield></datafield><datafield ind1="0" ind2=" " tag="362"><subfield code="a">-v. 36, no. 46 (Mar. 5, 1925).</subfield></datafield><datafield ind1="1" ind2=" " tag="362"><subfield code="a">Began May 21, 1889.</subfield><subfield code="z">Cf. Gregory, W. Amer. newspapers.</subfield></datafield><datafield ind1=" " ind2=" " tag="500"><subfield code="a">"Democratic." Cf. Ayer, 1895; Newspaper directory of Montana, 1914-1922.</subfield></datafield><datafield ind1=" " ind2=" " tag="500"><subfield code="a">"The official paper of this county."</subfield></datafield><datafield ind1=" " ind2=" " tag="588"><subfield code="a">Description based on: Vol. 4, no. 50 (May 3, 1893).</subfield></datafield><datafield ind1=" " ind2=" " tag="752"><subfield code="a">United States</subfield><subfield code="b">Montana</subfield><subfield code="c">Powell</subfield><subfield code="d">Deer Lodge.</subfield></datafield><datafield ind1="0" ind2="7" tag="785"><subfield code="t">Powell County post</subfield><subfield code="w">(DLC)sn 84036250</subfield></datafield><datafield ind1="0" ind2="7" tag="785"><subfield code="t">Silver state post</subfield><subfield code="w">(DLC)sn 84036254</subfield></datafield></record>